@STRING{IEEE_J_RA         = "{IEEE} Trans. Robot. Autom."}

@TECHREPORT{LaValle,
    Author          = {S. M. LaValle},
    Title           = {Rapidly-exploring random trees: A new tool for path planning},
    Number          = {},
    Institution     = {Computer Science Dept., Iowa State University},
    Month           = {},
    Year            = {1998},
}

@MISC{fade2d,
    Author          = {Bernhard Kornberger},
    Title           = {Fade2D - {An} easy to use {Delaunay} {Triangulation} {Library} for {C++}},
	Year   			= {2014},
    note            = {\url{http://www.geom.at/fade2d/html/}},
}

@BOOK{LaValle2,
    Author         = {S. M. LaValle},
    Title          = {Planning Algorithms},
    Publisher      = {Cambridge University Press},
    Address        = {Cambridge, U.K.},
    Year           = {2006},
    note           = {Available online at \url{http://planning.cs.uiuc.edu/}},
}

@BOOK{Sprunk,
  author="Christoph Sprunk",
  title="Planning Motion Trajectories for Mobile Robots Using Splines",
  publisher="Albert-Ludwigs-Universitat Freiburg",
  year=2008
}

@BOOK{Gabor,
  author="{Csorvási Gábor}",
  title="Pályatervezési és pályakövetõ szabályozási algoritmusok fejlesztése robotautóhoz, Diplomaterv",
  publisher="BME-VIK Automatizálási és Alkalmazott Informatikai Tanszék",
  year=2014
}

@BOOK{Springer,
  author="Bruno Siciliano and Oussama Khatib",
  title="Handbook of Robotics",
  publisher="Springer",
  year=2008
}

@INPROCEEDINGS{DomiRTR,
    Author         = {D. Kiss and G. Tevesz},
    Title          = {The {RTR} Path Planner for Differential Drive Robots},
    Booktitle      = {Proceedings of the 16th International Workshop on Computer Science and Information Technologies CSIT'2014},
    Address        = {Sheffield, England},
    Month          = {September},
    Year           = {2014},
    Pages          = {},
}

@BOOK{Bezi,
  author="{Bézi István}",
  title="Robotirányítás rendszertechnikája 3. fejezet",
  publisher="BME-VIK Automatizálási és Alkalmazott Informatikai Tanszék",
  year=2013
}

@BOOK{BFS,
  author="{Katona Gyula Y., Recski András és Szabó Csaba}",
  title="A számítástudomány alapjai",
  publisher="Typotex",
  edition="2. javított kiadás",
  year=2001
}

@BOOK{Domi,
  author="{Kiss Domokos}",
  title="Autonóm robot fejlesztése az Eurobot 2007 versenyre, Diplomaterv",
  publisher="BME-VIK Automatizálási és Alkalmazott Informatikai Tanszék",
  year=2007
}
@misc{Curv2D,
      author = "{Dirk-Jan Kroon}",
      title = "{2D} {Line} {Curvature} and {Normals}",
      howpublished="\url{http://www.mathworks.com/matlabcentral/fileexchange/32696-2d-line-curvature-and-normals/content/LineCurvature2D.m}"
}
@misc{VREP,
      author = "{Coppelia Robotics}",
      title = "{V-REP}",
      howpublished="\url{http://www.coppeliarobotics.com/}"
}

@INPROCEEDINGS{CCSTopologicalProp,
    Author         = {D. Kiss and G. Tevesz},
    Title          = {A Steering Method for the Kinematic Car using {C*CS} Paths},
    Booktitle      = {Proceedings of the 2014 15th International Carpathian Control Conference ({ICCC})},
    Address        = {Velk\'e Karlovice, Czech Republic},
    Month          = {May},
    Year           = {2013},
    Pages          = {227-232},
    ISBN           = {ISBN: 978-1-4799-3527-7},
}
@ARTICLE{dkiss12ppee,
    Author         = {D. Kiss and G. Tevesz},
    Title          = {A Model Predictive Navigation Approach Considering Mobile Robot Shape and Dynamics},
    Journal        = {Periodica Polytechnica - Electrical Engineering},
    Volume         = {56},
	Issue          = {2},
    Year           = {2012},
    Pages          = {43-50},
	DOI            = {10.3311/PPee.7162},
}
@ARTICLE{kavraki96prm,
    Author         = {L. E. Kavraki and P. Svetska and J.-C. Latombe and M. H. Overmars},
    Title          = {Probabilistic roadmaps for path planning in high-dimensional configuration spaces},
    Journal        = IEEE_J_RA,
    Volume         = {12},
    Year           = {1996},
    Pages          = {566-580},
    DOI            = {10.1109/70.508439},
}