@BOOK{Sprunk,
  author="Christoph Sprunk",
  title="Planning Motion Trajectories for Mobile Robots Using Splines",
  publisher="Albert-Ludwigs-Universitat Freiburg",
  year=2008
}
@BOOK{Domi,
  author="Kiss Domokos",
  title="Autonóm robot fejlesztése az Eurobot 2007 versenyre, Diplomamunka",
  publisher="BME-VIK Automatizálási és Alkalmazott Informatikai Tanszék",
  year=2007
}
@misc{Curv2D,
      author = "Dirk-Jan Kroon",
      title = "2D Line Curvature and Normals",
      howpublished="\url{http://www.mathworks.com/matlabcentral/fileexchange/32696-2d-line-curvature-and-normals/content/LineCurvature2D.m}"
}

