@BOOK{LaValle2,
    Author         = {S. M. LaValle},
    Title          = {Planning Algorithms},
    Publisher      = {Cambridge University Press},
    Address        = {Cambridge, U.K.},
    Year           = {2006},
    note           = {Available online at \url{http://planning.cs.uiuc.edu/}},
}

@BOOK{Springer,
  author="Bruno Siciliano and Oussama Khatib",
  title="Handbook of Robotics",
  publisher="Springer",
  year=2008
}

@ARTICLE{dkiss12ppee,
    Author         = {D. Kiss and G. Tevesz},
    Title          = {A Model Predictive Navigation Approach Considering Mobile Robot Shape and Dynamics},
    Journal        = {Periodica Polytechnica - Electrical Engineering},
    Volume         = {56},
	Issue          = {2},
    Year           = {2012},
    Pages          = {43-50},
	DOI            = {10.3311/PPee.7162},
}

@ARTICLE{kavraki96prm,
    Author         = {L. E. Kavraki and P. Svetska and J.-C. Latombe and M. H. Overmars},
    Title          = {Probabilistic roadmaps for path planning in high-dimensional configuration spaces},
    Journal        = IEEE_J_RA,
    Volume         = {12},
    Year           = {1996},
    Pages          = {566-580},
    DOI            = {10.1109/70.508439},
}

@TECHREPORT{LaValle,
    Author          = {S. M. LaValle},
    Title           = {Rapidly-exploring random trees: A new tool for path planning},
    Number          = {},
    Institution     = {Computer Science Dept., Iowa State University},
    Month           = {},
    Year            = {1998},
}

@INPROCEEDINGS{CCSTopologicalProp,
    Author         = {D. Kiss and G. Tevesz},
    Title          = {A Steering Method for the Kinematic Car using {C*CS} Paths},
    Booktitle      = {Proceedings of the 2014 15th International Carpathian Control Conference ({ICCC})},
    Address        = {Velk\'e Karlovice, Czech Republic},
    Month          = {May},
    Year           = {2013},
    Pages          = {227-232},
    ISBN           = {ISBN: 978-1-4799-3527-7},
}

@BOOK{ReedsShepp,
	author = "J. A. Reeds and L. A. Shepp",
	title = "Optimal paths for a car that goes both forward and backwards",
	publisher = "Pacific Journal of Mathematics",
	year = 1990	
}

@BOOK{BFS,
  author="Katona Gyula Y. and Recski András and Szabó Csaba",
  title="A számítástudomány alapjai",
  publisher="Typotex",
  edition="2. javított kiadás",
  year=2001
}